@inproceedings{UTU-Beamer,
  author    = {Aditya Jeevannavar},
  title     = {Unofficial University of Turku Beamer Theme},
  booktitle = {How to write beautiful \LaTeX},
  year      = {2023},
  url       = {https://www.overleaf.com/project},
}